@INPROCEEDINGS{TwoFish,
    author = {Bruce Schneier and John Kelsey and Doug Whiting and David Wagner and Chris Hall and Niels Ferguson},
    title = {Twofish: A 128-Bit Block Cipher},
    booktitle = {in First Advanced Encryption Standard (AES) Conference},
    year = {1998}
}

@article{amenta1998new,
  title={A new Voronoi-based surface reconstruction algorithm},
  author={Amenta, Nina and Bern, Marshall and Kamvysselis, Manolis},
  year={1998}
}

@article{conway,
    author={Conway, John Horton},
    title={Tomorrow is the Day After Doomsday},
    journal = {Eureka},
    year = {1973}
}

@article{carroll,
    author={Carroll, Lewis},
    title={To Find the Day of the Week for Any Given Date},
    journal={Nature},
    year={1887}
}